<?xml version="1.0" encoding="UTF-8"?><record xmlns="http://www.loc.gov/MARC21/slim" xmlns:cinclude="http://apache.org/cocoon/include/1.0" xmlns:zs="http://www.loc.gov/zing/srw/">
  <leader>00521cz  a2200145n  4500</leader>
  <controlfield tag="001">n  50062309 </controlfield>
  <controlfield tag="003">DLC</controlfield>
  <controlfield tag="005">20090214075256.0</controlfield>
  <controlfield tag="008">801107n| acannaabn          |b ana      </controlfield>
  <datafield tag="010" ind1=" " ind2=" ">
    <subfield code="a">n  50062309 </subfield>
  </datafield>
  <datafield tag="035" ind1=" " ind2=" ">
    <subfield code="a">(OCoLC)oca00096693</subfield>
  </datafield>
  <datafield tag="040" ind1=" " ind2=" ">
    <subfield code="a">DLC</subfield>
    <subfield code="b">eng</subfield>
    <subfield code="c">DLC</subfield>
    <subfield code="d">OCoLC</subfield>
  </datafield>
  <datafield tag="110" ind1="2" ind2=" ">
    <subfield code="a">Deutscher Bildungsrat.</subfield>
    <subfield code="b">Bildungskommission.</subfield>
    <subfield code="b">Unterausschuss Lehrerbildung</subfield>
  </datafield>
  <datafield tag="410" ind1="2" ind2=" ">
    <subfield code="a">Deutscher Bildungsrat.</subfield>
    <subfield code="b">Bildungskommission.</subfield>
    <subfield code="b">Strukturausschuss.</subfield>
    <subfield code="b">Unterausschuss Lehrerbildung</subfield>
  </datafield>
  <datafield tag="670" ind1=" " ind2=" ">
    <subfield code="a">Its Materialien und Dokumente zur Lehrerbildung, 1971.</subfield>
  </datafield>
</record>